@article{sod2d,
    author = {L. Gasparino and F. Spiga and O. Lehmkuhl},
    title = {SOD2D: A GPU-enabled Spectral Finite Elements Method for compressible scale-resolving simulations},
    journal = {Comp. Phys. Comm.},
    volume = {297},
    year = {2024},
}

@misc{eccomas22,
    author       = {L. Gasparino and G. Houzeaux and F. Spiga and O. Lehmkuhl},
    title        = {On the GPU-enabling techniques for Finite Elements CFD code},
    howpublished = {ECCOMAS},
    year         = {2022},
}

@misc{eccomas20,
    author       = {L. Gasparino and O. Lehmkuhl and A. Both and D. Mira and A. Surapaneni},
    title        = {An entropy-stable Finite Element algorithm for solving
    multicomponent low-Mach flows},
    howpublished = {ECCOMAS},
    year         = {2020},
}

%%%%%%%%%%%%%%%%%%%%%%%%%%%%%%%%%%%%%%%%%%%%%%%%%%%%%%%%%%%%%%%%%%%%%%%%%%%%%%%%%%%%%%%%%%%%%%%%%%%%%%%%%%%%%%%%%%%%%
% Books                                                                                                             %
%%%%%%%%%%%%%%%%%%%%%%%%%%%%%%%%%%%%%%%%%%%%%%%%%%%%%%%%%%%%%%%%%%%%%%%%%%%%%%%%%%%%%%%%%%%%%%%%%%%%%%%%%%%%%%%%%%%%%

@book{bib:roshko,
  author         = {H. W. Liepmann and A. Roshko},
  publisher      = {Dover Publications},
  title          = {Elements of Gasdynamics},
  year           = {2001},
  isbn           = {0-486-41963-0},
}

@book{bib:holden,
  author         = {H. Holden and N. H. Risebro},
  publisher      = {Cambridge University Press},
  title          = {Front Tracking for Hyperbolic Conservation Laws},
  year           = {2002},
  doi            = {10.1007/978-3-662-47507-2}
}

@book{bib:courant,
  author         = {R. Courant and K. O. Friedrichs},
  publisher      = {Springer-Verlag},
  title          = {Supersonic Flow and Shock Waves},
  year           = {1948},
  isbn           = {0-387-90232-5}
}

@book{bib:novotny,
  author         = {A. Novotny and I. Straskraba},
  publisher      = {Oxford},
  title          = {Introduction to the Mathematical Theory of Compressible Flow},
  year           = {2004},
  isbn           = {0-19-853084-6}
}

@book{bib:shyy,
  author         = {W. Shyy},
  publisher      = {Dover Publications},
  title          = {Computational Modelling for Fluid Flow and Interfacial Transport},
  year           = {2006},
  isbn           = {0-486-45303-0}
}

@book{bib:boyd,
  author         = {J. P. Boyd},
  publisher      = {Dover Publications},
  title          = {Chebyshev and Fourier Spectral Methods},
  year           = {2001},
  isbn           = {0-486-41183-4}
}

@book{bib:houzeaux,
  author         = {F. Magoules and F-X. Roux and G. Houzeaux},
  publisher      = {Wiley},
  title          = {Parallel Scientific Computing},
  year           = {2015},
  isbn           = {978-1-84821-581-8}
}

@book{bib:dongarra,
  author         = {J. J. Dongarra and I. S. Duff and D. C. Sorensen and H. A. van der Vorst},
  publisher      = {Society for Industrial and Applied Mathematics},
  title          = {Numerical Linear Algebra for High-Performance Computers},
  year           = {1998},
  isbn           = {0-89871-428-1}
}

@book{bib:greenbaum,
  author         = {A. Greenbaum},
  publisher      = {Society for Industrial and Applied Mathematics},
  title          = {Iterative Methods for Solving Linear Systems},
  year           = {1997},
  isbn           = {978-0-898713-96-1}
}

@book{bib:openacc,
  author         = {S. Chandrasekaran and G. Juckenland},
  publisher      = {Addison-Wesley},
  title          = {OpenACC for Programmers: concepts and strategies},
  year           = {2017},
  isbn           = {0-13-469428-7}
}

@book{bib:sagaut,
  author         = {E. Garnier and N. Adams and P. Sagaut},
  publisher      = {Springer},
  title          = {Large Eddy Simulation for Compressible Flows},
  year           = {2009},
  doi            = {10.1007/978-90-481-2819-8}
}

@book{bib:wilcox,
  author         = {D. C. Wilcox},
  publisher      = {DCW Industries},
  title          = {Turbulence Modeling for CFD},
  year           = {2006},
  isbn           = {978-1-928729-08-2}
}

@book{bib:toro,
  author         = {E. F. Toro},
  publisher      = {Springer},
  title          = {Riemann Solvers and Numerical Methods for Fluid Dynamics},
  year           = {1999},
  doi            = {10.1007/b79761}
}

@book{bib:anderson,
  author         = {J. D. Anderson Jr.},
  publisher      = {McGraw-Hill},
  title          = {Fundamentals of Aerodynamics, $6^{th}$ edition},
  year           = {2017},
  isbn           = {978-1-259-12991-9},
}

@book{bib:vonmises,
  author         = {R. von Mises},
  publisher      = {Dover Publications},
  title          = {Mathematical Theory of Compressible Fluid Flow},
  year           = {2004},
  isbn           = {0-12-414381-4}
}

@book{bib:eriksson,
  author         = {K. Eriksson and D. Estep and P. Hansbo and C. Johnson},
  publisher      = {Cambridge University Press},
  title          = {Computational Differential Equations},
  year           = {1996},
  isbn           = {978-0-521-56738-1}
}

@book{bib:funaro,
  author         = {D. Funaro},
  title          = {FORTRAN Routines for Spectral Methods},
  year           = {1993}
}

@book{bib:abramowitz,
  author         = {M. Abramowitz, I. A. Stegun},
  publisher      = {Dover Publications},
  title          = {Handbook of Mathematical Functions},
  year           = {1965},
  isbn           = {0-48-661272-4}
}

@book{bib:zienkiewicz1,
  author         = {O. C. Zienkiewicz, R. L. Taylor, J. Z. Zhu},
  publisher      = {Butterworth-Heinemann},
  title          = {The Finite Element Method: Its Basis and Fundamentals $6^{th}$ Ed.},
  year           = {2005},
  isbn           = {1856176339}
}

@book{bib:kubicek,
  author         = {M. Kubicek, V. Hlavacek},
  publisher      = {Dover Publications},
  title          = {Numerical solutions of Nonlinear Boundary Value Problems with Applications},
  year           = {2008},
  isbn           = {0-13-627364-5}
}
@book{bib:sagautMultiscale,
  author         = {Sagaut, Pierre and Terracol, Marc and Deck, Sebastien},
  publisher      = {World Scientific},
  title          = {Multiscale and multiresolution approaches in turbulence-LES, DES and Hybrid RANS/LES Methods: Applications and Guidelines},
  year           = {2013},
  isbn           = {978-1-84816-986-9}
}

@book{bib:zdravkovich,
  author         = {Zdravkovich, M},
  publisher      = {Oxford University Press},
  title          = {Flow Around Circular Cylinders: Volume 1: Fundamentals},
  year           = {1997},
  isbn           = {0-19-856561-5}
}

@book{bib:vanDyke,
  author = {Van Dyke, M},
  title = {An Album of Fluid Motion},
  year = {1982},
  publisher = {The Parabolic Press},
  isbn = {0-915760-02-9}
}

@incollection{bib:dles12,
  author         = {Lehmkuhl, O. and Mira, D and Gasparino, L and Owen, H and Houzeaux, G},
  booktitle      = {Direct and Large-Eddy Simulation XII},
  publisher      = {Springer},
  title          = {Large-Eddy Simulation of primary atomization using an entropy stable conservative level set},
  year           = {2019}
}

@book{bib:pope,
  author         = {Pope, S B},
  publisher      = {Cambridge University Press},
  title          = {Turbulent Flows},
  year           = {2001},
}

%%%%%%%%%%%%%%%%%%%%%%%%%%%%%%%%%%%%%%%%%%%%%%%%%%%%%%%%%%%%%%%%%%%%%%%%%%%%%%%%%%%%%%%%%%%%%%%%%%%%%%%%%%%%%%%%%%%%%
% Articles                                                                                                          %
%%%%%%%%%%%%%%%%%%%%%%%%%%%%%%%%%%%%%%%%%%%%%%%%%%%%%%%%%%%%%%%%%%%%%%%%%%%%%%%%%%%%%%%%%%%%%%%%%%%%%%%%%%%%%%%%%%%%%

@article{bib:cavaglieri,
	author  = {Cavaglieri, D. and Bewley, T.},
	title   = {Low-storage implicit-explicit Runge-Kutta schemes for the simulation of stiff high-dimensional ODE systems},
	journal = {Journal of Computational Physics},
	volume  = {286},
	pages   = {172--193},
	year    = {2015},
	doi     = {10.1016/j.jcp.2015.01.031}
}

@article{bib:sutherland,
	author  = {Sutherland, W.},
	title   = {The Viscosity of Gases and Molecular Force},
	journal = {The London, Edinburgh, and Dublin Philosophical Magazine and Journal of Science},
	number  = {223},
	volume  = {36},
	pages   = {507--531},
	year    = {1893}
}

@article{bib:gruberSkewSym,
	author  = {Kennedy, C. and Gruber, A.},
	year    = {2008},
	pages   = {1676--1700},
	title   = {Reduced aliasing formulations of the convective terms within the Navier–Stokes equations for a compressible fluid},
	number  = {3},
	volume  = {227},
	journal = {Journal of Computational Physics},
	doi     = {10.1016/j.jcp.2007.09.020}
}

@article{bib:guermond1,
	author  = {Guermond, J. L. and Pasquetti, R. and Popov, B.},
	title   = {Entropy viscosity method for nonlinear conservation laws},
	journal = {Journal of Computational Physics},
	volume  = {230},
	number  = {11},
	pages   = {4248--4267},
	year    = {2011},
	doi     = {10.1016/j.jcp.2010.11.043},
}

@article{bib:ferrerHorses3d,
	author  = {Ferrer, E. and Rubio, G. and Ntoukas, G. and Laskowski, W. and Marino-Sanchez, O. and Colombo, S. and Mateo, A. and Manrique de Lara, F. and Huergo, D. and Manzanero, J. and Rueda-Ramírez, A. and Kopriva, D. and Valero, E.},
	title   = {HORSES3D: A high-order discontinuous Galerkin solver for flow simulations and multi-physics applications},
	journal = {Computer Physics Communications},
	volume  = {287},
	pages   = {108700},
	year    = {2023},
	doi     = {10.1016/j.cpc.2023.108700},
}

@article{bib:nek++,
	author  = {C.D. Cantwell and D. Moxey and A. Comerford and A. Bolis and G. Rocco and G. Mengaldo and D. {De Grazia} and S. Yakovlev and J.-E. Lombard and D. Ekelschot and B. Jordi and H. Xu and Y. Mohamied and C. Eskilsson and B. Nelson and P. Vos and C. Biotto and R.M. Kirby and S.J. Sherwin},
	title   = {Nektar++: An open-source spectral/hp element framework},
	journal = {Computer Physics Communications},
	volume  = {192},
	pages   = {205--219},
	year    = {2015},
	doi     = {10.1016/j.cpc.2015.02.008},
}

@article{bib:nekrs,
	author  = {Paul Fischer and Stefan Kerkemeier and Misun Min and Yu-Hsiang Lan and Malachi Phillips and Thilina Rathnayake and Elia Merzari and Ananias Tomboulides and Ali Karakus and Noel Chalmers and Tim Warburton},
	title   = {NekRS, a GPU-accelerated spectral element Navier–Stokes solver},
	journal = {Parallel Computing},
	volume  = {114},
	pages   = {102982},
	year    = {2022},
	doi     = {10.1016/j.parco.2022.102982},
}

@inbook{bib:huynhFluxRecon,
	author    = {H. T. Huynh},
	title     = {A Flux Reconstruction Approach to High-Order Schemes Including Discontinuous Galerkin Methods},
	booktitle = {18th AIAA Computational Fluid Dynamics Conference},
	chapter   = {},
	pages     = {},
	doi       = {10.2514/6.2007-4079},
}

@article{bib:vincentPyFR,
	author  = {Witherden, Freddie and Farrington, Antony and Vincent, Peter},
	title   = {PyFR: An open source framework for solving advection–diffusion type problems on streaming architectures using the flux reconstruction approach},
	journal = {Computer Physics Communications},
	volume  = {185},
	number  = {11},
	pages   = {3028--3040},
	year    = {2014},
	doi     = {10.1016/j.cpc.2014.07.011},
}

@article{bib:lusherTgv,
	author  = {Lusher, David J. and Sandham, Neil D.},
	title   = {Assessment of Low-Dissipative Shock-Capturing Schemes for the Compressible Taylor–Green Vortex},
	journal = {AIAA Journal},
	volume  = {59},
	number  = {2},
	pages   = {533--545},
	year    = {2021},
	doi     = {10.2514/1.J059672},
}

@article{bib:STREAmS_ref,
	author  = {Matteo Bernardini and Davide Modesti and Francesco Salvadore and Srikanth Sathyanarayana and Giacomo {Della Posta} and Sergio Pirozzoli},
	title   = {STREAmS-2.0: Supersonic turbulent accelerated Navier-Stokes solver version 2.0},
	journal = {Computer Physics Communications},
	volume  = {285},
	pages   = {108644},
	year    = {2023},
	doi     = {10.1016/j.cpc.2022.108644},
}

@article{bib:UCNS3D_ref,
	author  = {Antonis F. Antoniadis and Dimitris Drikakis and Pericles S. Farmakis and Lin Fu and Ioannis Kokkinakis and Xesús Nogueira and Paulo A.S.F. Silva and Martin Skote and Vladimir Titarev and Panagiotis Tsoutsanis},
	title   = {UCNS3D: An open-source high-order finite-volume unstructured CFD solver},
	journal = {Computer Physics Communications},
	volume  = {279},
	pages   = {108453},
	year    = {2022},
	doi     = {10.1016/j.cpc.2022.108453},
}

@article{bib:FLEXI_ref,
	author  = {Nico Krais and Andrea Beck and Thomas Bolemann and Hannes Frank and David Flad and Gregor Gassner and Florian Hindenlang and Malte Hoffmann and Thomas Kuhn and Matthias Sonntag and Claus-Dieter Munz},
	title   = {FLEXI: A high order discontinuous Galerkin framework for hyperbolic–parabolic conservation laws},
	journal = {Computer Physics Communications},
	volume  = {81},
	pages   = {186--219},
	year    = {2021},
	doi     = {10.1016/j.camwa.2020.05.004},
}

@article{bib:sagautFilters,
	author  = {Sagaut, P. and Grohens, R.},
	title   = {Discrete filters for large eddy simulation},
	journal = {International Journal for Numerical Methods in Fluids},
	volume  = {31},
	number  = {8},
	pages   = {1195-*1220},
	year    = {1999},
	doi     = {10.1002/(SICI)1097-0363(19991230)31:8<1195::AID-FLD914>3.0.CO;2-H},
}

@article{bib:oriolTgv,
	author  = {O. Lehmkuhl and G. Houzeaux and H. Owen and G. Chrysokentis and I. Rodriguez},
	title   = {A low-dissipation finite element scheme for scale resolving simulations of turbulent flows},
	journal = {Journal of Computational Physics},
	volume  = {390},
	pages   = {51--65},
	year    = {2019},
	doi     = {10.1016/j.jcp.2019.04.004},
}

@article{bib:nek5000,
	author  = {Jonathan K. Lai and Elia Merzari and Yassin A. Hassan and Paul Fischer and Oana Marin},
	title   = {Verification and validation of large eddy simulation with Nek5000 for cold leg mixing benchmark},
	journal = {Nuclear Engineering and Design},
	volume  = {358},
	pages   = {110427},
	year    = {2020},
	doi     = {10.1016/j.nucengdes.2019.110427},
}

@inbook{bib:sod2dBCs,
	author    = {Gianmarco Mengaldo and Daniele De Grazia and Freddie Witherden and Antony Farrington and Peter Vincent and Spencer Sherwin and Joaquim Peiro},
	title     = {A Guide to the Implementation of Boundary Conditions in Compact High-Order Methods for Compressible Aerodynamics},
	booktitle = {7th AIAA Theoretical Fluid Mechanics Conference},
	chapter   = {},
	pages     = {},
	doi       = {10.2514/6.2014-2923},
}

@inproceedings{bib:Ljungkvist,
	author    = {Ljungkvist, Karl},
	title     = {Matrix-Free Finite-Element Computations On Graphics Processors with Adaptively Refined Unstructured Meshes},
	booktitle = {SpringSim (HPC)},
	pages     = {1},
	year      = {2017},
	doi       = {10.22360/springsim.2017.hpc.004}
	}

@article{bib:lorenz,
	author  = {E. Lorenz},
	title   = {Deterministic Nonperiodic Flow},
	journal = {Journal of the Atmospheric Sciences},
	volume  = {20},
	number  = {2},
	pages   = {130--141},
	year    = {1963},
	doi     = {10.1175/1520-0469(1963)020<0130:DNF>2.0.CO;2}
}

@article{bib:shampine,
	author  = {L.F. Shampine},
	title   = {Stability of explicit Runge-Kutta methods},
	journal = {Computers \& Mathematics with Applications},
	volume  = {10},
	number  = {6},
	pages   = {419--432},
	year    = {1984},
	doi     = {10.1016/0898-1221(84)90072-5},
}

@misc{bib:accStd,
	title = {The OpenACC programming interface, Version 3.3},
	year  = {2022},
	url   = {https://www.openacc.org/sites/default/files/inline-images/Specification/OpenACC-3.3-final.pdf}
}

@inproceedings{bib:amdahl,
    author    = {Amdahl, Gene M.},
    title     = {Validity of the Single Processor Approach to Achieving Large Scale Computing Capabilities},
    year      = {1967},
    publisher = {Association for Computing Machinery},
    doi       = {10.1145/1465482.1465560},
    booktitle = {Proceedings of the April 18-20, 1967, Spring Joint Computer Conference},
    pages     = {483--485},
    series    = {AFIPS '67 (Spring)}
}

@article{bib:gustafson,
    author  = {Gustafson, John L.},
    title   = {Reevaluating Amdahl's Law},
    year    = {1988},
    volume  = {31},
    number  = {5},
    doi     = {10.1145/42411.42415},
    journal = {Communications of the ACM},
    pages   = {532--533},
}

@article{bib:vreman,
	title   = {An eddy-viscosity subgrid-scale model for turbulent shear flow: {Algebraic} theory and applications},
	volume  = {16},
	doi     = {10.1063/1.1785131},
	number  = {10},
	journal = {Physics of Fluids},
	author  = {Vreman, A. W.},
	year    = {2004},
	pages   = {3670--3681},
}

@techreport{bib:laufer,
	title       = {Investigation of turbulent flow in a two-dimensional channel},
	author      = {Laufer, John},
	institution = {NASA},
	number      = {NACA-TR-1053},
	year        = {1951}
}

@techreport{bib:metis,
  	title       = {METIS: A software package for partitioning unstructured graphs, partitioning meshes, and computing fill-reducing orderings of sparse matrices},
  	author      = {Karypis, George and Kumar, Vipin},
	institution = {Computer Science \& Engineering (CS \& E) Technical Reports},
	number      = {97-061},
	year        = {1997}
}

@article {bib:smagorinsky,
	author  = {J.  Smagorinsky},
	title   = {General Circulation Experiments with the Primitive Equations: I. The Basic Experiment},
	journal = {Monthly Weather Review},
	year    = {1963},
	volume  = {91},
	number  = {3},
	doi     = {10.1175/1520-0493(1963)091<0099:GCEWTP>2.3.CO;2},
	pages   = {99--164},
}

@article{bib:haller,
	title   = {An objective definition of a vortex},
	volume  = {525},
	doi     = {10.1017/S0022112004002526},
	journal = {Journal of Fluid Mechanics},
	author  = {Haller, G.},
	year    = {2005},
	pages   = {1--26},
}

@article{bib:kolmogorov1, 
	title   = {A refinement of previous hypotheses concerning the local structure of turbulence in a viscous incompressible fluid at high Reynolds number}, 
	volume  = {13}, 
	doi     = {10.1017/S0022112062000518}, 
	number  = {1}, 
	journal = {Journal of Fluid Mechanics}, 
	author  = {Kolmogorov, A. N.}, 
	year    = {1962}, 
	pages   = {82--85}
}

@inproceedings{bib:gempa,
  author          = {Borrel, Ricard and Oyarzun, Guillermo and Dosimont, Damien and Houzeaux, Guillaume},
  title           = {Parallel SFC-based mesh partitioning and load balancing},
  booktitle       = {2019 IEEE/ACM 10th Workshop on Latest Advances in Scalable Algorithms for Large-Scale Systems (ScalA)},
  number          = {},
  volume          = {},
  pages           = {72--78},
  year            = {2019}
}

@inproceedings{bib:ric,
	title     = {A runtime-based dynamic mesh-partitioning approach},
	author    = {Baldan, Giacomo and Borell, Ricard and J{\"a}gersk{\"u}pper, Jens},
    booktitle = {The 8th European Congress on Computational Methods in Applied Sciences and Engineering, ECCOMAS Congress 2022},
	year      = {2022},
}

@inproceedings{bib:openshmem,
	title     = {Introducing OpenSHMEM: SHMEM for the PGAS community},
	author    = {Chapman, Barbara and Curtis, Tony and Pophale, Swaroop and Poole, Stephen and Kuehn, Jeff and Koelbel, Chuck and Smith, Lauren},
	booktitle = {Proceedings of the Fourth Conference on Partitioned Global Address Space Programming Model},
	pages     = {1--3},
	year      = {2010}
}

@inproceedings{bib:nvshmem,
	title     = {An initial assessment of NVSHMEM for high performance computing},
	author    = {Hsu, Chung-Hsing and Imam, Neena and Langer, Akhil and Potluri, Sreeram and Newburn, Chris J},
	booktitle = {2020 IEEE International Parallel and Distributed Processing Symposium Workshops (IPDPSW)},
	pages     = {1--10},
	year      = {2020},
}

@phdthesis{bib:comtebellot,
	title   = {Contribution à l'étude de la Turbulence de Conduite},
	author  = {Comte-Bellot, G.},
	type	= {PhD Thesis},
	school  = {University of Grenoble},
	year    = {1963},
}

@inproceedings{bib:etmm14,
	author    = {Rodriguez, Ivette and Eiximeno, Bennet and Gasparino, Lucas and Tur-Monge, Carlos and Muela, Jordi and Lehmkuhl, Oriol},
	title     = {Compressibility effects on the wake dynamics of a circular cylinder},
	booktitle = {ETMM14},
	year      = {2023},
}

@article{bib:ilsa,
	author  = {Lehmkuhl, Oriol and Piomelli, Ugo and Houzeaux, Guillaume},
	year    = {2019},
	month   = {08},
	pages   = {108422},
	title   = {On the extension of the integral length-scale approximation model to complex geometries},
	volume  = {78},
	journal = {International Journal of Heat and Fluid Flow},
	doi     = {10.1016/j.ijheatfluidflow.2019.108422}
}

@article{bib:buffer,
	author  = {B. Wasistho and B.J. Geurts and J.G.M. Kuerten},
	title   = {Simulation techniques for spatially evolving instabilities in compressible flow over a flat plate},
	doi     = {10.1016/S0045-7930(97)00021-2},
	journal = {Computers \& Fluids},
	volume  = {26},
	pages   = {713--739},
	year	= {1997},
}

@article{bib:dong2006,
	author = {Dong, S. and Karniadakis, G. E. and Ekmekci, A. and Rockwell, D.},
	title  = {A combined direct numerical simulation-particle image velocimetry study of the turbulent near wake},
	journal = {Journal of Fluid Mechanics},
	doi     = {10.1017/S0022112006002606}, 
	volume  = {596},
	pages   = {185--207},
	year	= {2006},
}

@techreport{bib:gp1953,
	author      = {Gowen, F and Perkins, E},
	title       = {Drag of circular cylinders for a wide range of Reynolds numbers and Mach numbers},
	institution = {NASA},
	number      = {NACA-TN-2960},
	year        = {1953},
}

@article{bib:mr1978,
	author = {Murthy, V. S. and Rose, W. C.},
	title = {Detailed Measurements on a Circular Cylinder in Cross Flow},
	journal = {AIAA Journal},
	volume  = {16},
	pages   = {549--550},
	year    = {1978},
	doi     = {10.2514/3.60930},
}

@article{bib:prasad,
	author  = {Prasad, A and Williamson, C},
	journal = {Journal of Fluid Mechanics},
	title   = {The instability of the shear layer separating from a bluff body},
	volume  = {333},
	doi     = {10.1017/S0022112096004326},
	pages   = {375--402},
	year    = {1997},
}

@article{bib:rodriguez1984,
	author  = {Rodriguez, O},
	title   = {The circular cylinder in subsonic and transonic flow},
	journal = {AIAA Journal},
	volume  = {22},
	number  = {12},
	pages   = {1713--1718},
	year	= {1984},
	doi     = {10.2514/3.8842},
}

@article{bib:khalighi,
	author  = {Khalighi, Yaser and Mani, Ali and Ham, Frank and Moin, Parviz},
	title   = {Prediction of Sound Generated by Complex Flows at Low Mach Numbers},
	journal = {AIAA Journal},
	volume  = {48},
	number  = {2},
	pages   = {306--316},
	year	= {2010},
	doi     = {10.2514/1.42583},
}

@techreport{bib:macha1978,
	author      = {Macha, J M},
	title       = {A wind tunnel investigation of circular and straked cylinders in transonic cross flow},
	year        = {1978},
	institution = {NASA},
	number      = {NASA-CR-149372},
}

@article{bib:kawai,
	title = {Kinetic energy and entropy preserving schemes for compressible flows by split convective forms},
	journal = {Journal of Computational Physics},
	volume = {375},
	pages = {823-853},
	year = {2018},
	issn = {0021-9991},
	doi = {https://doi.org/10.1016/j.jcp.2018.08.058},
	author = {Yuichi Kuya and Kosuke Totani and Soshi Kawai},
}

@article{bib:alessandro1,
	author  = {Bassi, F. and Colombo, A. and Ghidoni, A. and Massa, F.},
	title   = {Linearly implicit Rosenbrock-type Runge-Kutta schemes applied to the Discontinuous Galerkin solution of compressible and incompressible unsteady flows},
	journal = {Computers \& Fluids},
	volume  = {118},
	pages   = {305--320},
	year    = {2015},
	issn    = {0045-7930},
	doi     = {https://doi.org/10.1016/j.compfluid.2015.06.007},
}

@article{bib:wang,
	author = {Wang, L and Meilin, Y},
	title  = {Comparison of ROW, ESDIRK, and BDF2 for Unsteady Flows with the High-Order Flux Reconstruction Formulation},
	journal = {Journal of Scientific Computing},
	volume  = {83},
	year	= {2020},
	doi     = {https://doi.org/10.1007/s10915-020-01222-z}
}

@article{bib:gpuPaper,
	title = {SOD2D: A GPU-enabled Spectral Finite Elements Method for compressible scale-resolving simulations},
	journal = {Computer Physics Communications},
	volume = {297},
	pages = {109067},
	year = {2024},
	issn = {0010-4655},
	doi = {https://doi.org/10.1016/j.cpc.2023.109067},
	author = {L. Gasparino and F. Spiga and O. Lehmkuhl},
}

@inproceedings{bib:eccomas2022,
	author    = {Gasparino, Lucas and Houzeaux, Guillaume and Spiga, Filippo and Lehmkuhl, Oriol},
	title     = {On the GPU-enabling techniques for Finite Elements CFD codes},
	booktitle = {ECCOMAS Congress 2022},
	year      = {2022},
}

@inproceedings{bib:eccomas2020,
	author    = {Gasparino, Lucas and Lehmkuhl,  Oriol and Both, Ambrus and Mira, Daniel and Surapaneni, Anurag},
	title     = {An entropy-stable Finite Element algorithm for solving multicomponent low-Mach flows},
	booktitle = {ECCOMAS Congress 2020},
	year      = {2020},
}

@inproceedings{bib:parcfd32,
	author    = {Gasparino, L and Lehmkuhl, O and Houzeaux, G},
	title     = {Application off the  inverse mass matrix approach to an explicit high-order fluid dynamics code},
	booktitle = {$32^{nd}$ International Conference on Parallel Computational Fluid Dynamics},
	year      = {2020},
}

@inproceedings{bib:marina,
	author    = {Garcia-Berenguer, M and Gasparino, L and Lehmkuhl, O and Rodriguez, I},
	title     = {Large-scale coherent structures in an asymmetrically heated channel flow},
	booktitle = {ETMM14},
	year      = {2023},
}

@inproceedings{bib:ipdps,
	author    = {Owen, H and Lehmkuhl, O and Houzeaux, G and Gasparino, L},
	title     = {Alya towards exascale: Optimal OpenACC performance of the Navier-Stokes Finite Elements assembly on GPUs},
	booktitle = {IPDPS38},
	year      = {2024},
}

%%%%%%%%%%%%%%%%%%%%%%%%%%%%%%%%%%%%%%%%%%%%%%%%%%%%%%%%%%%%%%%%%%%%%%%%%%%%%%%%%%%%%%%%%%%%%%%%%%%%%%%%%%%%%%%%%%%%%
% Misc                                                                                                              %
%%%%%%%%%%%%%%%%%%%%%%%%%%%%%%%%%%%%%%%%%%%%%%%%%%%%%%%%%%%%%%%%%%%%%%%%%%%%%%%%%%%%%%%%%%%%%%%%%%%%%%%%%%%%%%%%%%%%%

@misc{bib:sod2d,
	author       = {L. Gasparino and O. Lehmkuhl and J. Muela},
	title        = {SOD2D},
	note         = {Available at \url{https://gitlab.com/bsc_sod2d/sod2d_gitlab}},
	year         = {2023},
}

@misc{bib:top500,
	author       = {H. Meuer and E. Strohmaier and J. Dongarra and E. Meuer and H. Simon},
	title        = {TOP500},
	note         = {Available at \url{https://www.top500.org/}},
	year         = {2023},
}

@misc{bib:mn4,
	author       = {Barcelona Supercomputing Center (BSC)},
	title        = {MareNostrum IV},
	note         = {Available at \url{https://www.bsc.es/support/MareNostrum4-ug.pdf}},
	year         = {2021},
}

@misc{bib:power9,
	author       = {Barcelona Supercomputing Center (BSC)},
	title        = {Power9 CTE},
	note         = {Available at \url{https://www.bsc.es/support/POWER_CTE-ug.pdf}},
	year         = {2021},
}

@misc{bib:polaris,
	author       = {Argonne National Laboratory},
	title        = {Polaris},
	note         = {Available at \url{https://docs.alcf.anl.gov/polaris/hardware-overview/machine-overview/}},
	year         = {2023},
}

@misc{bib:crm,
	author       = {NASA},
	title        = {5th AIAA CFD High Lift Prediction Workshop Official Test Cases},
	url          = {https://hiliftpw.larc.nasa.gov/Workshop5/Documents/HLPW5_Test_Cases_v1.9.pdf},
	year         = {2024},
}
